@article{Schardt2010,
	Author = {Dieter Schardt and Thilo Elsaesser and Daniela Schulz-Ertner},
	Journal = {Rev. Mod. Phys.},
	Number = {1},
	Pages = {383},
	Title = {Heavy-ion tumor therapy: Physical and radiobiological benefits},
	Volume = {82},
	Year = {2010}}

@book{Lilley2006,
	Author = {John Lilley},
	Title = {Nuclear Physics - Principles and Applications},
	Publisher = {Wiley},
	Address = {Manchester, UK},
	Year = {2006}}
 
@book{Alpen1998,
	Author = {Edward L. Alpen},
	Title = {Radiation Biophysics},
	Edition = {2nd edition},
	Publisher = {Academic Press},
	Address = {California, USA},
	Year = {1998}}
@article{Bethe1930,
	Author = {H. Bethe},
	Journal = {Annalen der Physik},
	Number = {5},
	Pages = {325--400},
	Title = {{Zur Theorie des Durchgangs schneller Korpuskularstrahlung durch Materie}},
	Volume = {5},
	Year = {1930}}
	
@article{Bloch1933,
	Author = {F. Bloch},
	Journal = {Annalen der Physik},
	Number = {16},
	Pages = {285--321},
	Title = {{Zur Bremsung rasch bewegter Teilchen beim Durchgang durch Materie}},
	Volume = {5},
	Year = {1933}}
	
@book{Barkas1963,
	Author = {H.W. Barkas},
	Title = {Nuclear Research Emulsions},
	Publisher = {Academic Press},
	Volume = {1},
	Address = {New York, USA and London, UK},
	Year = {1963}}

@Article{Moliere1948,
	Author={Moli\`{e}re, G.},
	Title={Theorie der Streuung schneller geladener Teilchen II, Mehrfach- und Vielfachstreuung},
	Journal={Zeitschrift f\"{u}r Naturforschung},
	Volume={3a},
	Pages={78--97},
	Year={1948}}
@article{Bohr1940,
	Author = {N. Bohr},
	Title = {Scattering and stopping of fission fragments},
	Journal =  {Phys . Rev.},
	Volume = {58},
	Number = {7},
	Pages = {654 - 655},
	Year = {1940}}
	
@article{Ahlen1980,
	Author = {S.P. Ahlen},
	Title = {Theoretical and experimental aspects of the enery loss of relativistic heavily ionizing particles},
	Journal = {Rev. Mod. Phys.},
	Volume = {52},
	Number = {1},
	Pages = {121},
	Year = {1980}}
@phdthesis{Groezinger2004,
	Author = {S. O. Groezinger},
	School = {TU Darmstadt},
	Title = {Volume Conformal Irradiation of Moving Target Volumes with Scanned Ion Beams},
	Type = {Thesis/Dissertation},
	Year = {2004}}
