%% This BibTeX bibliography file was created using BibDesk.
%% http://bibdesk.sourceforge.net/


%% Created for Daniel Richter at 2011-10-17 14:19:13 +0200 


%% Saved with string encoding Unicode (UTF-8) 



@article{ADLER1999,
	Author = {J. R. Adler and M. J. Murphy and S. D. Chang and S. L. Hancock},
	Journal = {Neurosurgery},
	Number = {6},
	Pages = {1299--1307},
	Title = {Image-guided robotic radiosurgery},
	Volume = {44},
	Year = {1999}}

@article{AGOSTEO1998,
	Author = {Stefano Agosteo and Claudio Birattari and Marcello Caravaggio and Marco Silari and Giampiero Tosi},
	Journal = {Radiotherapy and Oncology},
	Number = {3},
	Pages = {293--305},
	Title = {Secondary neutron and photon dose in proton therapy},
	Volume = {48},
	Year = {1998}}

@article{AHLEN1980,
	Author = {Steven P. Ahlen},
	Journal = {Rev. Mod. Phys.},
	Number = {1},
	Pages = {121},
	Title = {Theoretical and experimental aspects of the energy loss of relativistic heavily ionizing particles},
	Volume = {52},
	Year = {1980}}

@article{ALLGOWER2007,
	Author = {C. E. Allgower and A. N. Schreuder and J. B. Farr and A. E. Mascia},
	Journal = {The International Journal of Medical Robotics and Computer Assisted Surgery},
	Number = {1},
	Pages = {72--81},
	Title = {Experiences with an application of industrial robotics for accurate patient positioning in proton radiotherapy},
	Volume = {3},
	Year = {2007}}

@article{ALLKOFER1974,
	Author = {O. C. Allkofer and W. Heinrich},
	Journal = {Nuclear Physics B},
	Number = {3},
	Pages = {429--438},
	Title = {Attenuation of cosmic ray heavy nuclei fluxes in the upper atmosphere by fragmentation},
	Volume = {71},
	Year = {1974}}

@article{AMALDI2007,
	Author = {U Amaldi and G. Kraft},
	Journal = {Journal of radiation research},
	Title = {European Developments in Radiotherapy with Beams of Large Radiobiological Effectiveness},
	Volume = {48},
	Year = {2007}}

@article{AMALDI2004,
	Author = {U. Amaldi and P. Berra and K. Crandall and D. Toet and M. Weiss and R. Zennaro and E. Rosso and B. Szeless and M. Vretenar and C. Cicardi and C. De Martinis and D. Giove and D. Davino and M. R. Masullo and V. Vaccaro},
	Journal = {Nucl. Instrum. Meth. A},
	Number = {2-3},
	Pages = {512--529},
	Title = {LIBO--a linac-booster for protontherapy: construction and tests of a prototype},
	Volume = {521},
	Year = {2004}}

@book{BADANO1999,
	Address = {Geneva:CERN},
	Author = {L. Badano and M. Benedikt and P. J. Bryant and M. Crescenti and P. Holy and P. Knaus and A. Meier and M. Pullia and S. Rossi},
	Edition = {CERN/PS 1999-010 DI},
	Title = {Proton Ion Medical Machine Study (PIMMS), Part I},
	Year = {1999}}

@book{BADANO2000,
	Address = {Geneva:CERN},
	Author = {L. Badano and M. Benedikt and P. J. Bryant and M. Crescenti and P. Holy and P. Knaus and A. Meier and M. Pullia and S. Rossi},
	Edition = {CERN/PS 2000-007 DR},
	Title = {Proton Ion Medical Machine Study (PIMMS), Part II},
	Year = {2000}}

@book{BARKAS1963,
	Author = {H. W. Barkas},
	Publisher = {Academic Press New York and London},
	Title = {Nuclear Research Emulsions},
	Volume = {I},
	Year = {1963}}

@article{BENNETT1978,
	Author = {G. W. Bennett and J. O. Archambeau and B. E. Archambeau and J. I. Meltzer and C. L. Wingate},
	Journal = {Science},
	Pages = {1151--1153},
	Title = {Visualization and Transport of Positron Emission From Proton Activation in vivo},
	Volume = {200},
	Year = {1978}}

@inproceedings{BERGER1990,
	Author = {G. Berger and M. Bouvy and Th. Daras and E. Kaerts and M Loiselet and G. Ryckewaert},
	Booktitle = {Proc. of the 2nd European Particle Accelerator Conference, Nice, June 12-16, 1990},
	Editor = {P. Marin \and P. Mandrillon},
	Pages = {1793--1795},
	Title = {Radioactive ion beams: rseults and perspectives for light ion therapy},
	Year = {1990}}

@misc{BERT2006,
	Author = {C. Bert},
	Howpublished = {Report},
	Title = {Bestrahlungsplanung f{\"u}r bewegte Zielvolumina in der Tumortherapie mit gescanntem Kohlenstoffstrahl},
	Year = {2006}}

@article{BERT2007,
	Author = {C. Bert and E. Rietzel},
	Journal = {Radiat. Oncol.},
	Number = {24},
	Title = {4{D} treatment planning for scanned ion beams},
	Volume = {2},
	Year = {2007}}

@article{BERT2007A,
	Author = {C. Bert and N. Saito and A. Schmidt and N. Chaudhri and D. Schardt and E. Rietzel},
	Journal = {Med. Phys.},
	Number = {12},
	Pages = {4768--4771},
	Title = {Target motion tracking with a scanned particle beam},
	Volume = {34},
	Year = {2007}}

@article{BERT2008,
	Author = {C. Bert and S. O. Gr{\"o}zinger and E. Rietzel},
	Journal = {Phys. Med. Biol.},
	Number = {9},
	Pages = {2253--2265},
	Title = {Quantification of interplay effects of scanned particle beams and moving targets},
	Volume = {53},
	Year = {2008}}

@article{BERT2009,
	Author = {Christoph Bert and Alexander Gemmel and Nami Saito and Eike Rietzel},
	Journal = {International Journal of Radiation Oncology*Biology*Physics},
	Number = {4},
	Pages = {1270--1275},
	Title = {Gated Irradiation With Scanned Particle Beams},
	Volume = {73},
	Year = {2009}}

@article{BETHE1930,
	Author = {H. Bethe},
	Journal = {Annalen der Physik},
	Number = {3},
	Pages = {325--400},
	Title = {{Zur Theorie des Durchgangs schneller Korpuskularstrahlen durch Materie}},
	Volume = {397},
	Year = {1930}}

@article{BICHSEL2000,
	Author = {H. Bichsel and T. Hiraoka and K. Omata},
	Journal = {Radiat Res.},
	Number = {2},
	Pages = {208--219},
	Title = {Aspects of fast-ion dosimetry},
	Volume = {153},
	Year = {2000}}

@article{BICHSEL1992,
	Author = {Hans Bichsel and Takeshi Hiraoka},
	Journal = {Nucl. Instrum. Meth. B},
	Number = {3},
	Pages = {345--351},
	Title = {Energy loss of 70 {MeV} protons in elements},
	Volume = {66},
	Year = {1992}}

@article{BINNS1997,
	Author = {P. J. Binns and J. H. Hough},
	Journal = {Radiat Prot Dosimetry},
	Number = {1-4},
	Pages = {441--444},
	Title = {Secondary Dose Exposures During 200 {MeV} Proton Therapy},
	Volume = {70},
	Year = {1997}}

@article{BIRKS1951,
	Author = {J. B. Birks},
	Journal = {Phys. Rev.},
	Number = {2},
	Pages = {364},
	Title = {The Specific Fluorescence of Anthracene and Other Organic Materials},
	Volume = {84},
	Year = {1951}}

@article{BLOCH1933,
	Author = {F. Bloch},
	Journal = {Annalen der Physik},
	Number = {3},
	Pages = {285--320},
	Title = {{Zur Bremsung rasch bewegter Teilchen beim Durchgang durch Materie}},
	Volume = {408},
	Year = {1933}}

@article{BLOCH1933A,
	Author = {F. Bloch},
	Journal = {Zeitschrift f{\"u}r Physik A Hadrons and Nuclei},
	Number = {5},
	Pages = {363--376},
	Title = {{Bremsverm{\"o}gen von Atomen mit mehreren Elektronen}},
	Volume = {81},
	Year = {1933}}

@article{BOHR1915,
	Author = {N. Bohr},
	Journal = {Philos. Mag.},
	Pages = {581},
	Title = {The penetration of atomic particles through matter},
	Volume = {30},
	Year = {1915}}

@article{BOHR1940,
	Author = {N. Bohr},
	Journal = {Phys. Rev.},
	Number = {7},
	Pages = {654--655},
	Title = {Scattering and Stopping of Fission Fragments},
	Volume = {58},
	Year = {1940}}

@article{BOON1998,
	Author = {S. N. Boon and Luijk P. van and J. M. Schippers and H. Meertens and J. M. Denis and S. Vynckier and J. Medin and E. Grusell},
	Journal = {Med. Phys.},
	Number = {4},
	Pages = {464--475},
	Title = {Fast 2D phantom dosimetry for scanning proton beams},
	Volume = {25},
	Year = {1998}}

@article{BOON2000,
	Author = {S. N. Boon and Luijk P. van and T. Bohringer and A. Coray and A. Lomax and E. Pedroni and B. Schaffner and J. M. Schippers},
	Journal = {Med. Phys.},
	Number = {10},
	Pages = {2198--2208},
	Title = {Performance of a fluorescent screen and CCD camera as a two-dimensional dosimetry system for dynamic treatment techniques},
	Volume = {27},
	Year = {2000}}

@article{BORTFELD2002,
	Author = {T. Bortfeld and K. Jokivarsi and M. Goitein and K. J and S. B. Jiang},
	Journal = {Phys. Med. Biol.},
	Number = {13},
	Pages = {2203--2220},
	Title = {Effects of intra-fraction motion on IMRT dose delivery: statistical analysis and simulation},
	Volume = {47},
	Year = {2002}}

@article{BOTHE1921,
	Author = {W. Bothe},
	Journal = {Zeitschrift f{\"u}r Physik A Hadrons and Nuclei},
	Number = {1},
	Pages = {63--69},
	Title = {Das allgemeine Fehlergesetz, die Schwankungen der Feldst{\"a}rke in einem Dielektrikum und die Zerstreuung der a-Strahlen},
	Volume = {5},
	Year = {1921}}

@article{BOEHNE1992,
	Author = {D. B{\"o}hne},
	Journal = {Radiation and Environmental Biophysics},
	Number = {3},
	Pages = {205--218},
	Title = {Light ion accelerators for cancer therapy},
	Volume = {31},
	Year = {1992}}

@article{BRAGG1905,
	Author = {W. Bragg},
	Journal = {Philos. Mag.},
	Pages = {318--340},
	Title = {On the a-particles of Radium and their loss of range in passing through various atoms and molecules},
	Volume = {10},
	Year = {1905}}

@article{BREDE2006,
	Author = {H. J. Brede and K. D. Greif and O. Hecker and P. Heeg and J. Heese and D. T. L. Jones and H. Kluge and D. Schardt},
	Journal = {Phys. Med. Biol.},
	Number = {15},
	Pages = {3667--3682},
	Title = {Absorbed dose to water determination with ionization chamber dosimetry and calorimetry in restricted neutron, photon, proton and heavy-ion radiation fields},
	Volume = {51},
	Year = {2006}}

@article{BREDE2006A,
	Author = {H. J. Brede and K. D. Greif and O. Hecker and P. Heeg and J. Heese and D. T. L. Jones and H. Kluge and D. Schardt},
	Journal = {Phys. Med. Biol.},
	Number = {15},
	Pages = {3667--3682},
	Title = {Absorbed dose to water determination with ionization chamber dosimetry and calorimetry in restricted neutron, photon, proton and heavy-ion radiation fields},
	Volume = {51},
	Year = {2006}}

@article{BRUSASCO2000,
	Author = {C. Brusasco and B. Voss and D. Schardt and M. Kr{\"a}mer and G. Kraft},
	Journal = {Nucl. Instrum. Meth. B},
	Number = {4},
	Pages = {578--592},
	Title = {A dosimetry system for fast measurement of 3D depth-dose profiles in charged-particle tumor therapy with scanning techniques},
	Volume = {168},
	Year = {2000}}

@article{CALABRETTA2004,
	Author = {L. Calabretta and M. Maggiore and M. Re and D. Rifuggiato and S. Farinon and P. Fabbricatore and R. Musenich},
	Journal = {Nuclear Physics A},
	Pages = {378--381},
	Title = {A superconducting cyclotron as driver for radioactive beam facilities},
	Volume = {734},
	Year = {2004}}

@article{CALABRETTA2006,
	Author = {Luciano Calabretta and Giacomo Cuttone and Mario Maggiore and Maurizio Re and Danilo Rifuggiato},
	Journal = {Nucl. Instrum. Meth. A},
	Number = {2},
	Pages = {1009--1012},
	Title = {A novel superconducting cyclotron for therapy and radioisotope production},
	Volume = {562},
	Year = {2006}}

@article{CAPORASO2007,
	Author = {G. J. Caporaso and S. Sampayan and Y. J. Chen and J. Harris and S. Hawkins and C. Holmes and M. Krogh and S. Nelson and W. Nunnally and A. Paul and B. Poole and M. Rhodes and D. Sanders and K. Selenes and J. Sullivan and L. Wang and J. Watson},
	Journal = {Nucl. Instrum. Meth. B},
	Number = {1-2},
	Pages = {777--781},
	Title = {Compact accelerator concept for proton therapy},
	Volume = {261},
	Year = {2007}}

@article{CHATTERJEE1981,
	Author = {A. Chatterjee and E. L. Alpen and C. A. Tobias and J. Llacer and J. Alonso},
	Journal = {Int J Radiat Oncol Biol Phys},
	Number = {4},
	Pages = {503--507},
	Title = {High energy beams of radioactive nuclei and their biomedical applications},
	Volume = {7},
	Year = {1981}}

@article{CHEN2007,
	Author = {G. T. Chen and J. H. Kung and E. Rietzel},
	Journal = {Front Radiat Ther. Oncol.},
	Pages = {59--71},
	Title = {Four-dimensional imaging and treatment planning of moving targets},
	Volume = {40:59-71.},
	Year = {2007}}

@article{CHEN1981,
	Author = {G. T. Y. Chen and J. R. Castro and J. M. Quivey},
	Journal = {Annual Review of Biophysics and Bioengineering},
	Number = {1},
	Pages = {499--529},
	Title = {Heavy Charged Particle Radiotherapy},
	Volume = {10},
	Year = {1981}}

@article{CHU1993,
	Author = {W. T. Chu and B. A. Ludewigt and T. R. Renner},
	Journal = {Review of Scientific Instruments},
	Number = {8},
	Pages = {2055--2122},
	Title = {Instrumentation for treatment of cancer using proton and light-ion beams},
	Volume = {64},
	Year = {1993}}

@article{CIRIO2004,
	Author = {R. Cirio and E. Garelli and R. Schulte and S. Amerio and A. Boriano and F. Bourhaleb and G. Coutrakon and M. Donetti and S. Giordanengo and P. Koss and E. Madon and F. Marchetto and U. Nastasi and C. Peroni and D. Santuari and A. Sardo and G. Scielzo and M. Stasi and E. Trevisiol},
	Journal = {Phys. Med. Biol.},
	Number = {16},
	Pages = {3713--3724},
	Title = {Two-dimensional and quasi-three-dimensional dosimetry of hadron and photon beams with the Magic Cube and the Pixel Ionization Chamber},
	Volume = {49},
	Year = {2004}}

@article{COLLOT2008,
	Author = {J. Collot and Y. Mori and P. Mandrillon and F. M{\'e}ot and R. Edgecock},
	Journal = {CERN COURIER},
	Number = {7},
	Pages = {21--23},
	Title = {The rise of the FFAG},
	Volume = {48},
	Year = {2008}}

@article{CRESPO2006,
	Author = {Paulo Crespo and Georgy Shakirin and Wolfgang Enghardt},
	Journal = {Phys. Med. Biol.},
	Number = {9},
	Pages = {2143--2163},
	Title = {On the detector arrangement for in-beam PET for hadron therapy monitoring},
	Volume = {51},
	Year = {2006}}

@article{ELSAESSER2009,
	Author = {T. Els{\"a}sser and A. Gemmel and M. Scholz and D. Schardt and M. Kr{\"a}mer},
	Journal = {Phys. Med. Biol.},
	Number = {7},
	Pages = {N101--N106},
	Title = {The relevance of very low energy ions for heavy-ion therapy},
	Volume = {54},
	Year = {2009}}

@article{ENDO1996,
	Author = {M. Endo and Hiroko Koyama-ito and S. Minohara and Nobuyuki Miyahara and H. Tomura and T. Kanai and K. Kawachi and H. Tsuji and K. Morita},
	Journal = {J Jpn Soc Ther Radiol Oncol},
	Pages = {231-238},
	Title = {HIPLAN-a heavy ion treatment planning system at {HIMAC}},
	Volume = {8},
	Year = {1996}}

@article{ENDO2007,
	Author = {Satoru Endo and Kenichi Tanaka and Masashi Takada and Yoshihiko Onizuka and Nobuyuki Miyahara and Tatsuhiko Sato and Masayori Ishikawa and Naoko Maeda and Naofumi Hayabuchi and Kiyoshi Shizuma and Masaharu Hoshi},
	Journal = {Medical Physics},
	Number = {9},
	Pages = {3571--3578},
	Title = {Microdosimetric study for secondary neutrons in phantom produced by a 290 {MeV}/nucleon carbon beam},
	Volume = {34},
	Year = {2007}}

@article{ENGELSMAN2006,
	Author = {M. Engelsman and E. Rietzel and H. M. Kooy},
	Journal = {Int. J. Radiat. Oncol. Biol. Phys.},
	Number = {5},
	Pages = {1589--1595},
	Title = {Four-dimensional proton treatment planning for lung tumors},
	Volume = {64},
	Year = {2006}}

@article{ENGHARDT1992,
	Author = {W. Enghardt and W. D. Fromm and H. Geissel and H. Keller and G. Kraft and A. Magel and P. Manfra{\ss} and G. M{\"u}nzenberg and F. Nickel and J. Pawelke and D. Schardt and C. Scheidenberger and Sobiella.M.},
	Journal = {Phys. Med. Biol.},
	Number = {11},
	Pages = {2127--2131},
	Title = {The spatial distribution of positron-emitting nuclei generated by relativistic light ion beams in organic matter},
	Volume = {37},
	Year = {1992}}

@article{ENGHARDT1999,
	Author = {W. Enghardt and J. Debus and T. Haberer and B. G. Hasch and R. Hinz and O. J{\"a}kel and M. Kr{\"a}mer and K. Lauckner and J. Pawelke and F. P{\"o}nisch},
	Journal = {Nuclear Physics A},
	Number = {1, Supplement 1},
	Pages = {1047c--1050c},
	Title = {Positron emission tomography for quality assurance of cancer therapy with light ion beams},
	Volume = {654},
	Year = {1999}}

@article{ENGHARDT2004,
	Author = {W. Enghardt and P. Crespo and F. Fiedler and R. Hinz and K. Parodi and J. Pawelke and F. P{\"o}nisch},
	Journal = {Nucl. Instrum. Meth. A},
	Number = {1-2},
	Pages = {284--288},
	Title = {Charged hadron tumour therapy monitoring by means of PET},
	Volume = {525},
	Year = {2004}}

@article{ENGHARDT2004A,
	Author = {W. Enghardt and K. Parodi and P. Crespo and F. Fiedler and J. Pawelke and F. P{\"o}nisch},
	Journal = {Radiotherapy and Oncology},
	Number = {Supplement 2},
	Pages = {S96--S98},
	Title = {Dose quantification from in-beam positron emission tomography},
	Volume = {73},
	Year = {2004}}

@article{FANO1963,
	Author = {U. Fano},
	Journal = {Ann. Rev. Nucl. Sci.},
	Number = {1},
	Pages = {1--66},
	Title = {Penetration of Protons, Alpha Particles, and Mesons},
	Volume = {13},
	Year = {1963}}

@article{FIEDLER2008,
	Author = {F. Fiedler and M. Priegnitz and R. J{\"u}lich and J. Pawelke and P. Crespo and K. Parodi and F. P{\"o}nisch and W. Enghardt},
	Journal = {Acta Oncol},
	Number = {6},
	Pages = {1077--1086},
	Title = {In-beam PET measurements of biological half-lives of 12C irradiation induced beta+-activity},
	Volume = {47},
	Year = {2008}}

@article{FISCHER1985,
	Author = {B. E. Fischer},
	Journal = {Nucl. Instrum. Meth. B},
	Number = {Part 2},
	Pages = {693--696},
	Title = {The scanning heavy ion microscope at GSI},
	Volume = {10-11},
	Year = {1985}}

@incollection{FRIEDLAENDER1985,
	Author = {E. M. Friedl{\"a}nder and H. H. Heckmann},
	Booktitle = {Treatise on Heavy-Ion Science},
	Editor = {D. A. Bromley},
	Pages = {403--562},
	Publisher = {Plenum Press New York and London},
	Title = {Relativistic Heavy-Ion Collisions: Experiments},
	Type = {Book Chapter},
	Volume = {4},
	Year = {1985}}

@article{FURUKAWA2007,
	Author = {T. Furukawa and T. Inaniwa and S. Sato and T. Tomitani and S. Minohara and K. Noda and T. Kanai},
	Journal = {Med. Phys.},
	Number = {3},
	Pages = {1085--1097},
	Title = {Design study of a raster scanning system for moving target irradiation in heavy-ion radiotherapy},
	Volume = {34},
	Year = {2007}}

@article{GEISS1998,
	Author = {O. Gei{\ss} and D. Schardt and B. Voss and M. Kr{\"a}mer and G. Kraft},
	Journal = {GSI Scientific Report 1997},
	Pages = {133},
	Title = {Correlation between CT number and water equivalent thickness},
	Year = {1998}}

@article{GEISS1998A,
	Author = {O. B. Gei{\ss} and M. Kr{\"a}mer and G. Kraft},
	Journal = {Nucl. Instrum. Meth. B},
	Number = {4},
	Pages = {592--598},
	Title = {Efficiency of thermoluminescent detectors to heavy charged particles},
	Volume = {142},
	Year = {1998}}

@article{GEMMEL2008,
	Author = {A. Gemmel and B. Hasch and M. Ellerbrock and W. K. Weyrather and M. Kr{\"a}mer},
	Journal = {Phys. Med. Biol.},
	Number = {23},
	Pages = {6991--7012},
	Title = {Biological dose optimization with multiple ion fields},
	Volume = {53},
	Year = {2008}}

@article{GOLDHABER1978,
	Author = {A. S. Goldhaber and H. H. Heckman},
	Journal = {Ann. Rev. Nucl. Part. Sci.},
	Number = {1},
	Pages = {161--205},
	Title = {High Energy Interactions of Nuclei},
	Volume = {28},
	Year = {1978}}

@incollection{GOLOVKOV1997,
	Author = {M Golovkov and D Aleksandrov and L. Chulkov and G. Kraus and D and Schardt},
	Booktitle = {Advances in Hadrontherapy},
	Pages = {316--324},
	Publisher = {Elevier Science B.V.},
	Series = {International Congress Series No.1144},
	Title = {Fragmentation of 270 A{MeV} carbon ions in water},
	Type = {Book Chapter},
	Year = {1997}}

@article{GOTTSCHALK1989,
	Author = {B. Gottschalk and M. S. Wagner},
	Journal = {Harvard Cyclotron Laboratory Technical Note},
	Title = {Contoured scatterer for proton dose flattening},
	Year = {1989}}

@article{GOTTSCHALK1993,
	Author = {B. Gottschalk and A. M. Koehler and R. J. Schneider and J. M. Sisterson and M. S. Wagner},
	Journal = {Nucl. Instrum. Meth. B},
	Number = {4},
	Pages = {467--490},
	Title = {Multiple Coulomb scattering of 160 {MeV} protons},
	Volume = {74},
	Year = {1993}}

@incollection{GOTTSCHALK2008,
	Author = {B. Gottschalk and E. Pedroni},
	Booktitle = {Proton and charged particle radiotherapy},
	Chapter = {5},
	Editor = {Thomas F. DeLaney and Hanne M. Kooy},
	Pages = {33--49},
	Publisher = {Lippincott Williams and Wilkins},
	Title = {Treatment Delivery Systems},
	Type = {Book Chapter},
	Year = {2008}}

@article{GOTTSCHALK2006,
	Author = {Bernard Gottschalk},
	Journal = {International Journal of Radiation Oncology*Biology*Physics},
	Number = {5},
	Pages = {1594--1594},
	Title = {Neutron dose in scattered and scanned proton beams: In regard to Eric J. Hall (Int J Radiat Oncol Biol Phys 2006;65:1-7)},
	Volume = {66},
	Year = {2006}}

@book{GROSS1998,
	Address = {Darmstadt},
	Author = {K. D. Gro{\ss} and M. Pavlovic},
	Publisher = {GSI},
	Title = {Proposal for a dedicated ion beam facility for cancer therapy},
	Year = {1998}}

@phdthesis{GROEZINGER2004,
	Address = {Technische Universit{\"a}t Darmstadt, Fachbereich Physik},
	Author = {S Gr{\"o}zinger},
	Title = {Volume conformal irradiation of moving target volumes with scanned ion beams},
	Type = {Thesis/Dissertation},
	Year = {2004}}

@article{GROEZINGER2006,
	Author = {S. O. Gr{\"o}zinger and E. Rietzel and Q. Li and C. Bert and T. Haberer and G. Kraft},
	Journal = {Phys. Med. Biol.},
	Number = {14},
	Pages = {3517--3531},
	Title = {Simulations to design an online motion compensation system for scanned particle beams},
	Volume = {51},
	Year = {2006}}

@article{GROEZINGER2008,
	Author = {S. O. Gr{\"o}zinger and C. Bert and T. Haberer and G. Kraft and E. Rietzel},
	Journal = {Radiat. Oncol.},
	Number = {34},
	Title = {Motion compensation with a scanned ion beam: a technical feasibility study},
	Volume = {3},
	Year = {2008}}

@article{GUNZERTMARX2008,
	Author = {K. Gunzert-Marx and H. Iwase and D. Schardt and R. S. Simon},
	Journal = {New Journal of Physics},
	Number = {7},
	Pages = {075003},
	Title = {Secondary beam fragments produced by 200 {MeV}/u 12C ions in water and their dose contributions in carbon ion radiotherapy},
	Volume = {10},
	Year = {2008}}

@article{GUNZERTMARX2004,
	Author = {Konstanze Gunzert-Marx and Dieter Schardt and Reinhard S. Simon},
	Journal = {Radiat Prot Dosimetry},
	Number = {1-4},
	Pages = {595--600},
	Title = {Fast neutrons produced by nuclear fragmentation in treatment irradiations with 12C beam},
	Volume = {110},
	Year = {2004}}

@article{HABERER2004,
	Author = {T. Haberer and J. Debus and H. Eickhoff and O. J{\"a}kel and D. Schulz-Ertner and U. Weber},
	Journal = {Radiother. Oncol},
	Pages = {S186--S190},
	Title = {The {Heidelberg Ion Therapy Center}},
	Volume = {73 Suppl 2},
	Year = {2004}}

@article{HABERER1993,
	Author = {T. Haberer and W. Becher and D. Schardt and G. Kraft},
	Journal = {Nucl. Instrum. Meth. A},
	Number = {1-2},
	Pages = {296--305},
	Title = {Magnetic scanning system for heavy ion therapy},
	Volume = 330,
	Year = 1993}

@article{HAETTNER2006,
	Author = {E. Haettner and H. Iwase and D. Schardt},
	Journal = {Radiat Prot Dosimetry},
	Number = {1-4},
	Pages = {485--487},
	Title = {Experimental fragmentation studies with 12C therapy beams},
	Volume = {122},
	Year = {2006}}

@article{HALL2006,
	Author = {Eric J. Hall},
	Journal = {International Journal of Radiation Oncology*Biology*Physics},
	Number = {1},
	Pages = {1--7},
	Title = {Intensity-modulated radiation therapy, protons, and the risk of second cancers},
	Volume = {65},
	Year = {2006}}

@article{HALL2006A,
	Author = {Eric J. Hall and David J. Brenner},
	Journal = {International Journal of Radiation Oncology*Biology*Physics},
	Number = {5},
	Pages = {1595--1595},
	Title = {In reply to Drs. Macklis Gottschalk, Paganetti, et al},
	Volume = {66},
	Year = {2006}}

@article{HARTMANN1999,
	Author = {G. H. Hartmann and O. J{\"a}kel and P. Heeg and C. P. Karger and A. Krie{\ss}bach},
	Journal = {Phys. Med. Biol.},
	Number = {5},
	Pages = {1193--1206},
	Title = {Determination of water absorbed dose in a carbon ion beam using thimble ionization chambers},
	Volume = {44},
	Year = {1999}}

@article{HEEG2004,
	Author = {P. Heeg and H. Eickhoff and T. Haberer},
	Journal = {Z. Med. Phys.},
	Number = {1},
	Pages = {17--24},
	Title = {Conception of heavy ion beam therapy at Heidelberg University (HICAT)},
	Volume = {14},
	Year = {2004}}

@article{HENKELMANN1982,
	Author = {R. M. Henkelmann and K. Mah},
	Journal = {International Journal of Radiation Oncology*Biology*Physics},
	Number = {11},
	Pages = {2005--2010},
	Title = {How important is breathing in radiation therapy of the thorax ?},
	Volume = {8},
	Year = {1982}}

@article{HIGHLAND1975,
	Author = {Virgil L. Highland},
	Journal = {Nuclear Instruments and Methods},
	Number = {2},
	Pages = {497--499},
	Title = {Some practical remarks on multiple scattering},
	Volume = {129},
	Year = {1975}}

@article{HIGHLAND1979,
	Author = {Virgil L. Highland},
	Journal = {Nuclear Instruments and Methods},
	Number = {1},
	Pages = {171--171},
	Title = {Erratum},
	Volume = {161},
	Year = {1979}}

@article{HIRAO1992,
	Author = {Y. Hirao and H. Ogawa and S. Yamada and Y. Sato and T. Yamada and K. Sato and A. Itano and M. Kanazawa and K. Noda and K. Kawachi and M. Endo and T. Kanai and T. Kohno and M. Sudou and S. Minohara and A. Kitagawa and F. Soga and E. Takada and S. Watanabe and K. Endo and M. Kumada and S. Matsumoto},
	Journal = {Nuclear Physics A},
	Pages = {541--550},
	Title = {{Heavy ion synchrotron for medical use --{HIMAC} project at {NIRS}-Japan--}},
	Volume = {538},
	Year = {1992}}

@article{HISHIKAWA2002,
	Author = {Yoshio Hishikawa and Kazufumi Kagawa and Masao Murakami and Hiroto Sakai and Takashi Akagi and Mitsuyuki Abe},
	Journal = {International Journal of Radiation Oncology*Biology*Physics},
	Number = {5},
	Pages = {1388--1391},
	Title = {Usefulness of positron-emission tomographic images after proton therapy},
	Volume = {53},
	Year = {2002}}

@article{HUEFNER1985,
	Author = {J. H{\"u}fner},
	Journal = {Phys. Rep.},
	Number = {4},
	Pages = {129--185},
	Title = {Heavy fragments produced in proton-nucleus and nucleus-nucleus collisions at relativistic energies},
	Volume = {125},
	Year = {1985}}

@incollection{IAEA2000,
	Author = {IAEA},
	Series = {Technical Reports Series 398},
	Title = {Absorbed dose determination in external beam radiotherapy},
	Type = {Book Chapter},
	Year = {2000}}

@article{INANIWA2008,
	Author = {Taku Inaniwa and Takuji Furukawa and Shinji Sato and Takehiro Tomitani and Masanao Kobayashi and Shnichi Minohara and Koji Noda and Tatsuaki Kanai},
	Journal = {Nucl. Instrum. Meth. B},
	Number = {10},
	Pages = {2194--2198},
	Title = {Development of treatment planning for scanning irradiation at {HIMAC}},
	Volume = {266},
	Year = {2008}}

@article{ISEKI2004,
	Author = {Yasushi Iseki and Tatuaki Kanai and Mitsutaka Kanazawa and Atsushi Kitagawa and Hideyuki Mizuno and Takehiro Tomitani and Mitsuru Suda and Eriko Urakabe},
	Journal = {Phys. Med. Biol.},
	Number = {14},
	Pages = {3179--3195},
	Title = {Range verification system using positron emitting beams for heavy-ion radiotherapy},
	Volume = {49},
	Year = {2004}}

@article{IWASE2007,
	Author = {H. Iwase and K. Gunzert-Marx and E. Haettner and D. Schardt and F. Gutermuth and M. Kr{\"a}mer and G. Kraft},
	Journal = {Radiat Prot Dosimetry},
	Number = {1-4},
	Pages = {615--618},
	Title = {Experimental and theoretical study of the neutron dose produced by carbon ion therapy beams},
	Volume = {126},
	Year = {2007}}

@article{JACOB1997,
	Author = {C. Jacob},
	Journal = {PhD thesis (German), University Heidelberg},
	Title = {Reichweite CT-Zahl Beziehung von Phantommaterialien und Messungen mit einer neuentwickelten multisegmentierten Ionisationskammer zur Dosisverifikation bei Schwerionenbestrahlungen},
	Year = {1997}}

@article{JAEKEL2000,
	Author = {O. J{\"a}kel and G. H. Hartmann and P. Heeg and D. Schardt},
	Journal = {Phys. Med. Biol.},
	Number = {3},
	Pages = {599--607},
	Title = {Effective point of measurement of cylindrical ionization chambers for heavy charged particles},
	Volume = {45},
	Year = {2000}}

@article{JAEKEL2001A,
	Author = {O. J{\"a}kel and C. Jacob and D. Schardt and C. P. Karger and G. H. Hartmann},
	Journal = {Medical Physics},
	Number = {4},
	Pages = {701--703},
	Title = {Relation between carbon ion ranges and x-ray CT numbers},
	Volume = {28},
	Year = {2001}}

@article{JAEKEL2001,
	Author = {O. J{\"a}kel and C. Jacob and D. Schardt and C. P. Karger and G. H. Hartmann},
	Journal = {Med Phys},
	Pages = {701--703},
	Title = {Relation between carbon ion ranges and x-ray CT numbers},
	Volume = {28},
	Year = {2001}}

@article{JAEKEL2001B,
	Author = {O. J{\"a}kel and M. Kr{\"a}mer and C. P. Karger and J. Debus},
	Journal = {Phys. Med. Biol.},
	Number = {4},
	Pages = {1101--1116},
	Title = {Treatment planning for heavy ion radiotherapy: clinical implementation and application},
	Volume = {46},
	Year = {2001}}

@article{KANAI1993,
	Author = {T. Kanai and T. Kohno and S. Minohara and M. Sudou and E. Takada and F. Soga and K. Kawachi and A. Fukumura},
	Journal = {Radiation Research},
	Number = {3},
	Pages = {293--301},
	Title = {Dosimetry and measured differential W values of air for heavy ions},
	Volume = {135},
	Year = {1993}}

@article{KANAI1983,
	Author = {Tatsuaki Kanai and Kiyomitsu Kawachi and Hideo Matsuzawa and Tetsuo Inada},
	Journal = {Nuclear Instruments and Methods in Physics Research},
	Number = {2-3},
	Pages = {491--496},
	Title = {Three-dimensional beam scanning for proton therapy},
	Volume = {214},
	Year = {1983}}

@article{KANAZAWA2002,
	Author = {M. Kanazawa and A. Kitagawa and S. Kouda and T. Nishio and M. Torikoshi and K. Noda and T. Murakami and M. Suda and T. Tomitani and T. Kanai and Y. Futami and M. Shinbo and E. Urakabe and Y. Iseki},
	Journal = {Nuclear Physics A},
	Number = {1-4},
	Pages = {244--252},
	Title = {Application of an RI-beam for cancer therapy: In-vivo verification of the ion-beam range by means of positron imaging},
	Volume = {701},
	Year = {2002}}

@article{KANEMATSU2003,
	Author = {N. Kanematsu and N. Matsufuji and R. Kohno and S. Minohara and T. Kanai},
	Journal = {Phys. Med. Biol.},
	Number = {8},
	Pages = {1053--1064},
	Title = {A CT calibration method based on the polybinary tissue model for radiotherapy treatment planning},
	Volume = {48},
	Year = {2003}}

@article{KARGER1999,
	Author = {C. P. Karger and O. J{\"a}kel and G. H. Hartmann},
	Journal = {Med Phys},
	Number = {10},
	Pages = {2125--2132},
	Title = {A system for three-dimensional dosimetric verification of treatment plans in intensity-modulated radiotherapy with heavy ions},
	Volume = {26},
	Year = {1999}}

@article{KARGER2002,
	Author = {C. P. Karger and O. J{\"a}kel and P. Heeg and G. H. Hartmann},
	Journal = {Z. Med Phys},
	Number = {3},
	Pages = {159--169},
	Title = {Clinical dosimetry for heavy ion therapy},
	Volume = {12},
	Year = {2002}}

@article{KATS2004,
	Author = {M. Kats and B. Druzhinin},
	Journal = {Proceedings of RuPAC XIX, Dubna 2004},
	Pages = {115},
	Title = {Simple planar system},
	Year = {2004}}

@article{KATS2008,
	Author = {M. Kats},
	Journal = {Proceedings of RuPAC 2008},
	Pages = {291},
	Title = {Compact and cheap systems for transporting proton and ion beams at medical accelerators},
	Year = {2008}}

@article{KEALL2006,
	Author = {P. Keall and S. Vedam and R. George and C. Bartee and J. Siebers and F. Lerma and E. Weiss and T. Chung},
	Journal = {Med. Dosim.},
	Number = {2},
	Pages = {152--162},
	Title = {The clinical implementation of respiratory-gated intensity-modulated radiotherapy},
	Volume = {31},
	Year = {2006}}

@article{KEALL2001,
	Author = {P. J. Keall and V. R. Kini and S. S. Vedam and R. Mohan},
	Journal = {Phys. Med. Biol.},
	Number = {1},
	Pages = {1--10},
	Title = {Motion adaptive x-ray therapy: a feasibility study},
	Volume = {46},
	Year = {2001}}

@inproceedings{KIM2001,
	Author = {J. Kim and H. Blosser},
	Booktitle = {AIP Conference Proceedings},
	Pages = {345--347},
	Publisher = {American Institute of Physics},
	Title = {Optimized magnet for a 250 {MeV} proton radiotherapy cyclotron},
	Volume = {600(1)},
	Year = {2001}}

@article{KITAGAWA2006,
	Author = {A. Kitagawa and Y. Furusawa and T. Kanai and M. Kanazawa and H. Mizuno and M. Muramatsu and S. Sato and M. Suda and T. Tomitani and E. Urakabe and M. Yoshimoto and Q. Li and Z. Wei and K. Hanawa and Y. Iseki and K. Sato},
	Journal = {Review of Scientific Instruments},
	Number = {3},
	Pages = {03C105--3},
	Title = {Medical application of radioactive nuclear beams at {HIMAC}},
	Volume = {77},
	Year = {2006}}

@article{KOEHLER1975,
	Author = {A. M. Koehler and R. J. Schneider and J. M. Sisterson},
	Journal = {Nuclear Instruments and Methods},
	Number = {3},
	Pages = {437--440},
	Title = {Range modulators for protons and heavy ions},
	Volume = {131},
	Year = {1975}}

@article{KOEHLER1977,
	Author = {A. M. Koehler and R. J. Schneider and J. M. Sisterson},
	Journal = {Medical Physics},
	Number = {4},
	Pages = {297--301},
	Title = {Flattening of proton dose distributions for large-field radiotherapy},
	Volume = {4},
	Year = {1977}}

@article{KOX1987,
	Author = {S. Kox and A. Gamp and C. Perrin and J. Arvieux and R. Bertholet and J. F. Bruandet and M. Buenerd and R. Cherkaoui and A. J. Cole and Y. El-Masri and N. Longequeue and J. Menet and F. Merchez and J. B. Viano},
	Journal = {Phys. Rev. C},
	Number = {5},
	Pages = {1678},
	Title = {Trends of total reaction cross sections for heavy ion collisions in the intermediate energy range},
	Volume = {35},
	Year = {1987}}

@article{KRAFT2000,
	Author = {G. Kraft},
	Journal = {Progress in Particle and Nuclear Physics},
	Number = {Supplement 2},
	Pages = {S473--S544},
	Title = {Tumor therapy with heavy charged particles},
	Volume = {45},
	Year = {2000}}

@article{KRAUSS2006,
	Author = {Achim Krauss},
	Journal = {Metrologia},
	Number = {3},
	Pages = {259--272},
	Title = {The PTB water calorimeter for the absolute determination of absorbed dose to water in 60Co radiation},
	Volume = {43},
	Year = {2006}}

@article{KRAEMER2000,
	Author = {M. Kr{\"a}mer and O. J{\"a}kel and T. Haberer and G. Kraft and D. Schardt and U. Weber},
	Journal = {Phys. Med. Biol.},
	Number = {11},
	Pages = {3299--3317},
	Title = {Treatment planning for heavy-ion radiotherapy: physical beam model and dose optimization},
	Volume = {45},
	Year = {2000}}

@article{KRAEMER2000A,
	Author = {M. Kr{\"a}mer and M. Scholz},
	Journal = {Phys. Med. Biol.},
	Number = {11},
	Pages = {3319--3330},
	Title = {Treatment planning for heavy-ion radiotherapy: calculation and optimization of biologically effective dose},
	Volume = {45},
	Year = {2000}}

@article{KRAEMER2006,
	Author = {M. Kr{\"a}mer and M. Scholz},
	Journal = {Phys. Med. Biol.},
	Number = {8},
	Pages = {1959--1970},
	Title = {Rapid calculation of biological effects in ion radiotherapy},
	Volume = {51},
	Year = {2006}}

@article{KUMAZAKI2007,
	Author = {Y. Kumazaki and T. Akagi and T. Yanou and D. Suga and Y. Hishikawa and T. Teshima},
	Journal = {Radiat. Meas.},
	Number = {10},
	Pages = {1683--1691},
	Title = {Determination of the mean excitation energy of water from proton beam ranges},
	Volume = {42},
	Year = {2007}}

@article{LANGEN2001,
	Author = {K. M. Langen and D. T. L. Jones},
	Journal = {International Journal of Radiation Oncology*Biology*Physics},
	Number = {1},
	Pages = {265--278},
	Title = {Organ motion and its management},
	Volume = {50},
	Year = {2001}}

@article{LEEMANN1977,
	Author = {Ch. Leemann and J. Alonso and H. Grunder and E. Hoyer and G. Kalnins and D. Rondeau and J. Staples and F. Voelker},
	Journal = {IEEE Transactions on Nuclear Science},
	Number = {3},
	Pages = {1052--1054},
	Title = {A 3-Dimensional Beam Scanning System for Particle Radiation Therapy},
	Volume = {24},
	Year = {1977}}

@article{LEVY2007,
	Author = {Richard P. Levy},
	Journal = {Nucl. Instrum. Meth. B},
	Number = {1-2},
	Pages = {782--785},
	Title = {PET-CT: Evolving role in hadron therapy},
	Volume = {261},
	Year = {2007}}

@article{LI2000,
	Author = {J. G. Li and L. Xing},
	Journal = {Medical Physics},
	Number = {7},
	Pages = {1573--1578},
	Title = {Inverse planning incorporating organ motion},
	Volume = {27},
	Year = {2000}}

@article{LI2004,
	Author = {Q. Li and S. O. Gr{\"o}zinger and T. Haberer and Eike Rietzel and G. Kraft},
	Journal = {Phys. Med. Biol.},
	Number = {14},
	Pages = {3029--3046},
	Title = {Online compensation of target motion with scanned particle beams: simulation environment},
	Volume = {49},
	Year = {2004}}

@article{LINZ2007,
	Author = {Ute Linz and Jose Alonso},
	Journal = {Phys. Rev. ST Accel. Beams},
	Number = {9},
	Pages = {094801},
	Title = {What will it take for laser driven proton accelerators to be applied to tumor therapy?},
	Volume = {10},
	Year = {2007}}

@inproceedings{LITZENBERG1991,
	Author = {D. Litzenberg and F. D. Becchetti and J. Brown and D. A. Roberts and J. Caraher and G. Hutchins and R. Smith and K. Lamkin and R. M. Ronningen and A. Martin},
	Booktitle = {Conference Record of the 1991 IEEE},
	Pages = {1678--1683},
	Title = {PET imaging of implanted radiotherapy ion beams to monitor and optimise dose delivery to tumor sites},
	Volume = {3},
	Year = {1991}}

@article{LITZENBERG1998,
	Author = {Dale W. Litzenberg},
	Journal = {Medical Physics},
	Number = {2},
	Pages = {254--254},
	Title = {On-line monitoring and PET imaging of the positron-emitting activity created in tissue by proton radiotherapy beams},
	Volume = {25},
	Year = {1998}}

@article{LLACER1984,
	Author = {J. Llacer and C. A. Tobias and W. R. Holley and T. Kanai},
	Journal = {Med. Phys.},
	Number = {3},
	Pages = {266--278},
	Title = {On-line characterization of heavy-ion beams with semiconductor detectors},
	Volume = {11},
	Year = {1984}}

@article{LLACER1984A,
	Author = {J. Llacer and A. Chatterjee and E. L. Alpen and W. Saunders and S. Andreae and H. C. Jackson},
	Journal = {IEEE Transactions on Medical Imaging},
	Number = {2},
	Pages = {80--90},
	Title = {Imaging by Injection of Accelerated Radioactive Particle Beams},
	Volume = {3},
	Year = {1984}}

@article{LLACER1990,
	Author = {J. Llacer and J. B. Schmidt and C. A. Tobias},
	Journal = {Medical Physics},
	Number = {2},
	Pages = {151--157},
	Title = {Characterization of fragmented heavy-ion beams using a three-stage telescope detector: Measurements of 670-{MeV}/amu 20Ne beams},
	Volume = {17},
	Year = {1990}}

@article{LOMAX1999,
	Author = {A. Lomax},
	Journal = {Phys. Med. Biol.},
	Number = {1},
	Pages = {185--205},
	Title = {Intensity modulation methods for proton radiotherapy},
	Volume = {44},
	Year = {1999}}

@article{LYNCH1987,
	Author = {W. G. Lynch},
	Journal = {Ann. Rev. Nucl. Part. Sci.},
	Number = {1},
	Pages = {493--535},
	Title = {Nuclear Fragmentation in Proton- and Heavy-Ion-Induced Reactions},
	Volume = {37},
	Year = {1987}}

@article{MACCABEE1974,
	Author = {H. D. Maccabee and M. A. Ritter},
	Journal = {Radiat. Res.},
	Pages = {409--421},
	Title = {Fragmentation of High-Energy Oxygen-Ion Beams in Water},
	Volume = {60},
	Year = {1974}}

@article{MACKLIS2006,
	Author = {Roger Macklis},
	Journal = {International Journal of Radiation Oncology*Biology*Physics},
	Number = {5},
	Pages = {1593--1594},
	Title = {In regards to Hall: Intensity-modulated radiation therapy, protons, and the risk of second cancers (Int J Radiat Oncol Biol Phys 2006;65:1-7)},
	Volume = {66},
	Year = {2006}}

@article{MAGGIORE2006,
	Author = {M. Maggiore and L. Calabretta and M. Di Giacomo and D. Rifuggiato and D. Battaglia and L. Piazza},
	Journal = {Nucl. Instrum. Meth. A},
	Number = {2},
	Pages = {414--420},
	Title = {Conceptual design of the {RF} accelerating cavities for a superconducting cyclotron},
	Volume = {557},
	Year = {2006}}

@article{MANGLES2004,
	Author = {S. P. D. Mangles and C. D. Murphy and Z. Najmudin and A. G. R. Thomas and J. L. Collier and A. E. Dangor and E. J. Divall and P. S. Foster and J. G. Gallacher and C. J. Hooker and D. A. Jaroszynski and A. J. Langley and W. B. Mori and P. A. Norreys and F. S. Tsung and R. Viskup and B. R. Walton and K. Krushelnick},
	Journal = {Nature},
	Number = {7008},
	Pages = {535--538},
	Title = {Monoenergetic beams of relativistic electrons from intense laser-plasma interactions},
	Volume = {431},
	Year = {2004}}

@article{MATSUFUJI1998A,
	Author = {N. Matsufuji and H. Tomura and Y. Futami and H. Yamashita and A. Higashi and S. Minohara and M. Endo and T. Kanai},
	Journal = {Phys Med Biol},
	Pages = {3261--3275},
	Title = {Relationship between CT number and electron density, scatter angle and nuclear reaction for hadron-therapy treatment planning},
	Volume = {43},
	Year = {1998}}

@article{MATSUFUJI2003,
	Author = {N. Matsufuji and A. Fukumura and M. Komori and T. Kanai and T. Kohno},
	Journal = {Phys. Med. Biol.},
	Number = {11},
	Pages = {1605--1623},
	Title = {Influence of fragment reaction of relativistic heavy charged particles on heavy-ion radiotherapy},
	Volume = {48},
	Year = {2003}}

@article{MATSUFUJI1998,
	Author = {Naruhiro Matsufuji and Hiromi Tomura and Yasuyuki Futami and Haruo Yamashita and Akio Higashi and Shinichi Minohara and Masahiro Endo and Tatsuaki Kanai},
	Journal = {Phys. Med. Biol.},
	Number = {11},
	Pages = {3261--3275},
	Title = {Relationship between CT number and electron density, scatter angle and nuclear reaction for hadron-therapy treatment planning},
	Volume = {43},
	Year = {1998}}

@article{MATSUFUJI2005,
	Author = {Naruhiro Matsufuji and Masataka Komori and Hitomi Sasaki and Kengo Akiu and Masako Ogawa and Akifumi Fukumura and Eriko Urakabe and Taku Inaniwa and Teiji Nishio and Toshiyuki Kohno and Tatsuaki Kanai},
	Journal = {Phys. Med. Biol.},
	Number = {14},
	Pages = {3393--3403},
	Title = {Spatial fragment distribution from a therapeutic pencil-like carbon beam in water},
	Volume = {50},
	Year = {2005}}

@inproceedings{MAZAL1997,
	Author = {A. Mazal and J. C. F. R. Rosenwald and S. Delacroix and C. Nauraye and C. Aligne and P. Schlienger and J. L. Habrand},
	Booktitle = {Proceedings of World Congress on Medical Physics and Biomedical Engineering, Medical and Biological Engineering and Computing},
	Pages = {824},
	Title = {Robots in high-precision patinet positioning for conformal radiotherapy},
	Volume = {35},
	Year = {1997}}

@article{MIN2007,
	Author = {C. H. Min and J. W. Kim and M. Y. Youn and C. H. Kim},
	Journal = {Nucl. Instrum. Meth. A},
	Number = {1},
	Pages = {562--565},
	Title = {Determination of distal dose edge location by measuring right-angled prompt-gamma rays from a 38{\'a}{MeV} proton beam},
	Volume = {580},
	Year = {2007}}

@article{MIN2006,
	Author = {Chul H. Min and Chan H. Kim and Min Y. Youn and Jong W. Kim},
	Journal = {Applied Physics Letters},
	Number = {18},
	Pages = {183517--3},
	Title = {Prompt gamma measurements for locating the dose falloff region in the proton therapy},
	Volume = {89},
	Year = {2006}}

@article{MINOHARA1993,
	Author = {S. Minohara and T. Kanai and M. Endo and K. Kawachi},
	Journal = {Proceedings of the Third Workshop on Physical and Biological Research with Heavy Ions; Chiba},
	Pages = {14--15},
	Title = {Effects of object size on a function to convert x-ray CT numbers into the water equivalent path length of charged particle beam},
	Year = {1993}}

@article{MINOHARA2000,
	Author = {S. Minohara and T. Kanai and M. Endo and K. Noda and M. Kanazawa},
	Journal = {Int. J. Radiat. Oncol., Biol., Phys.},
	Number = {4},
	Pages = {1097--1103},
	Title = {Respiratory gated irradiation system for heavy-ion radiotherapy},
	Volume = {47},
	Year = {2000}}

@article{MIYAMOTO2007A,
	Author = {T. Miyamoto and M. Baba and N. Yamamoto and M. Koto and T. Sugawara and T. Yashiro and K. Kadono and H. Ezawa and H. Tsujii and J. E. Mizoe and K. Yoshikawa and S. Kandatsu and T. Fujisawa},
	Journal = {Int. J. Radiat Oncol Biol. Phys.},
	Number = {3},
	Pages = {750--758},
	Title = {Curative treatment of Stage I non-small-cell lung cancer with carbon ion beams using a hypofractionated regimen},
	Volume = {67},
	Year = {2007}}

@article{MIZUNO2003,
	Author = {H. Mizuno and T. Tomitani and M. Kanazawa and A. Kitagawa and J. Pawelke and Y. Iseki and E. Urakabe and M. Suda and A. Kawano and R. Iritani and S. Matsushita and T. Inaniwa and T. Nishio and S. Furukawa and K. Ando and Y. K. Nakamura and T. Kanai and K. Ishii},
	Journal = {Phys. Med. Biol.},
	Number = {15},
	Pages = {2269--2281},
	Title = {Washout measurement of radioisotope implanted by radioactive beams in the rabbit},
	Volume = {48},
	Year = {2003}}

@article{MOLIERE1948,
	Author = {Moli{\`e}re},
	Journal = {Zeitschrift f{\"u}r Naturforschung},
	Pages = {78--97},
	Title = {{Theorie der Streuung schneller geladener Teilchen II, Mehrfach- und Vielfachstreuung}},
	Volume = {3a},
	Year = {1948}}

@article{MURPHY2004,
	Author = {M. J. Murphy},
	Journal = {Semin. Radiat. Oncol.},
	Number = {1},
	Pages = {91--100},
	Title = {Tracking moving organs in real time},
	Volume = {14},
	Year = {2004}}

@article{MUSTAFA1983,
	Author = {A. Mustafa and D. Jackson},
	Journal = {Phys Med Biol},
	Pages = {169--176},
	Title = {The relation between x-ray CT numbers and charged particle stopping powers and its significance for radiotherapy treatment planning},
	Volume = {28},
	Year = {1983}}

@article{NILL2004,
	Author = {S. Nill and T. Bortfeld and U. Oelfke},
	Journal = {Z. Med. Phys.},
	Number = {1},
	Pages = {35--40},
	Title = {Inverse planning of intensity modulated proton therapy},
	Volume = {14},
	Year = {2004}}

@article{NISHIO2008,
	Author = {T. Nishio and A. Miyatake and K. Nakagawa and T. Ogino and N. Saijo},
	Journal = {International Journal of Radiation Oncology*Biology*Physics},
	Number = {1, Supplement 1},
	Pages = {S108--S109},
	Title = {Development and Clinical use of Beam On-line PET System Mounted on a Rotating Gantry Port in Proton Therapy},
	Volume = {72},
	Year = {2008}}

@article{NISHIO2006,
	Author = {Teiji Nishio and Takashi Ogino and Kazuhiro Nomura and Hiroshi Uchida},
	Journal = {Medical Physics},
	Number = {11},
	Pages = {4190--4197},
	Title = {Dose-volume delivery guided proton therapy using beam on-line PET system},
	Volume = {33},
	Year = {2006}}

@article{NODA1996,
	Author = {K. Noda and M. Kanazawa and A. Itano and E. Takada and M. Torikoshi and N. Araki and J. Yoshizawa and K. Sato and S. Yamada and H. Ogawa and H. Itoh and A. Noda and M. Tomizawa and M. Yoshizawa},
	Journal = {Nucl. Instrum. Meth. A},
	Number = {2},
	Pages = {269--277},
	Title = {Slow beam extraction by a transverse {RF} field with {AM} and {FM}},
	Volume = {374},
	Year = {1996}}

@article{OHARA1989,
	Author = {K. Ohara and T. Okumura and M. Akisada and T. Inada and T. Mori and H. Yokota and M. J. B. Caraguas},
	Journal = {International Journal of Radiation Oncology*Biology*Physics},
	Pages = {853--857},
	Title = {Irradiation synchronized with the respiration gate},
	Volume = {17},
	Year = {1989}}

@incollection{OKUMURA1995,
	Author = {T. Okumura and H. Tsuji and H. Tsujii},
	Booktitle = {Ion Beams in Tumor Therapy},
	Pages = {308--315},
	Publisher = {Chapman and Hall},
	Title = {Compensation of Target Motion},
	Type = {Book Chapter},
	Year = {1995}}

@article{OLSSON1990,
	Author = {L. E. Olsson and A. Fransson and A. Ericsson and S. Mattsson},
	Journal = {Phys. Med. Biol.},
	Number = {12},
	Pages = {1623--1631},
	Title = {MR imaging of absorbed dose distributions for radiotherapy using ferrous sulphate gels},
	Volume = {35},
	Year = {1990}}

@article{PAGANETTI2002,
	Author = {Harald Paganetti and Andrzej Niemierko and Marek Ancukiewicz and Leo E. Gerweck and Michael Goitein and Jay S. Loeffler and Herman D. Suit},
	Journal = {International Journal of Radiation Oncology*Biology*Physics},
	Number = {2},
	Pages = {407--421},
	Title = {Relative biological effectiveness (RBE) values for proton beam therapy},
	Volume = {53},
	Year = {2002}}

@article{PAGANETTI2006,
	Author = {Harald Paganetti and Thomas Bortfeld and Thomas F. Delaney},
	Journal = {International Journal of Radiation Oncology*Biology*Physics},
	Number = {5},
	Pages = {1594--1595},
	Title = {Neutron dose in proton radiation therapy: In regard to Eric J. Hall (Int J Radiat Oncol Biol Phys 2006;65:1-7)},
	Volume = {66},
	Year = {2006}}

@article{PARODI2002,
	Author = {K. Parodi and W. Enghardt and T. Haberer},
	Journal = {Phys. Med. Biol.},
	Number = {1},
	Pages = {21--36},
	Title = {In-beam PET measurements of b+ radioactivity induced by proton beams},
	Volume = {47},
	Year = {2002}}

@phdthesis{PARODI2004,
	Address = {Technische Universit{\"a}t Dresden, Fakult{\"a}t Mathematik und Naturwissenschaften},
	Author = {K. Parodi},
	Title = {On the feasibility of dose quantification with in-beam PET data in radiotherapy with 12C and proton beams},
	Type = {Thesis/Dissertation},
	Year = {2004}}

@article{PARODI2005,
	Author = {K. Parodi and F. P{\"o}nisch and W. Enghardt},
	Journal = {IEEE Transactions on Nuclear Science},
	Number = {3},
	Pages = {778--786},
	Title = {Experimental Study on the Feasibility of In-Beam PET for Accurate Monitoring of Proton Therapy},
	Volume = {52},
	Year = {2005}}

@article{PARODI2007,
	Author = {Katia Parodi and Harald Paganetti and Helen A. Shih and Susan Michaud and Jay S. Loeffler and Thomas F. Delaney and Norbert J. Liebsch and John E. Munzenrider and Alan J. Fischman and Antje Knopf and Thomas Bortfeld},
	Journal = {International Journal of Radiation Oncology*Biology*Physics},
	Number = {3},
	Pages = {920--934},
	Title = {Patient Study of In Vivo Verification of Beam Delivery and Range, Using Positron Emission Tomography and Computed Tomography Imaging After Proton Therapy},
	Volume = {68},
	Year = {2007}}

@article{PARODI2008,
	Author = {Katia Parodi and Thomas Bortfeld and Wolfgang Enghardt and Fine Fiedler and Antje Knopf and Harald Paganetti and J{\"o}rg Pawelke and Georgy Shakirin and Helen Shih},
	Journal = {Nucl. Instrum. Meth. A},
	Number = {1},
	Pages = {282--286},
	Title = {PET imaging for treatment verification of ion therapy: Implementation and experience at GSI Darmstadt and MGH Boston},
	Volume = {591},
	Year = {2008}}

@article{PARODI2008A,
	Author = {Katia Parodi and Thomas Bortfeld and Thomas Haberer},
	Journal = {International Journal of Radiation Oncology*Biology*Physics},
	Number = {3},
	Pages = {945--956},
	Title = {Comparison Between In-Beam and Offline Positron Emission Tomography Imaging of Proton and Carbon Ion Therapeutic Irradiation at Synchrotron- and Cyclotron-Based Facilities},
	Volume = {71},
	Year = {2008}}

@article{PAUL2007,
	Author = {Helmut Paul},
	Journal = {Nucl. Instrum. Meth. B},
	Number = {2},
	Pages = {435--437},
	Title = {The mean ionization potential of water, and its connection to the range of energetic carbon ions in water},
	Volume = {255},
	Year = {2007}}

@article{PAUL2007A,
	Author = {Helmut Paul and Oksana Geithner and Oliver J{\"a}kel},
	Journal = {Nucl. Instrum. Meth. B},
	Number = {1},
	Pages = {561--564},
	Title = {The ratio of stopping powers of water and air for dosimetry applications in tumor therapy},
	Volume = {256},
	Year = {2007}}

@article{PAWELKE1996,
	Author = {J. Pawelke and L. Byars and W. Enghardt and W. D. Fromm and H. Geissel and B. G. Hasch and K. Lauckner and P. Manfrass and D. Schardt and M. Sobiella},
	Journal = {Phys. Med. Biol.},
	Number = {2},
	Pages = {279--296},
	Title = {The investigation of different cameras for in-beam PET imaging},
	Volume = {41},
	Year = {1996}}

@article{PAWELKE1997,
	Author = {J. Pawelke and W. Enghardt and T. Haberer and B. G. Hasch and R. Hinz and M. Kr{\"a}mer and E. Lauckner and M. Sobiella},
	Journal = {Nuclear Science, IEEE Transactions on},
	Number = {4},
	Pages = {1492--1498},
	Title = {In-beam PET imaging for the control of heavy-ion tumour therapy},
	Volume = {44},
	Year = {1997}}

@incollection{PEDRONI1989,
	Author = {E. Pedroni and R. Bacher and H. Blattmann and T. B{\"o}hringer and A. Coray and A. Lomax and S. Lin and G. Munkel and S. Scheib and U. Schneider},
	Booktitle = {{PSI} Annual Report Annex II},
	Pages = {5--12},
	Title = {Proton therapy status reports, {PSI} Life Sciences Newsletter 1989/1990},
	Type = {Book Chapter},
	Year = {1989}}

@incollection{PEDRONI1994,
	Author = {E. Pedroni},
	Booktitle = {Advances in Hadrontherapy},
	Pages = {434--452},
	Publisher = {Elsevier Science B.V.},
	Series = {International Congress Series No.1077},
	Title = {Beam delivery},
	Type = {Book Chapter},
	Year = {1994}}

@article{PEDRONI2004,
	Author = {E. Pedroni and R. Bearpark and T. B{\"o}hringer and A. Coray},
	Journal = {Z. Med. Phys.},
	Number = {1},
	Pages = {25--34},
	Title = {The {PSI} Gantry 2: a second generation proton scanning gantry},
	Volume = {14},
	Year = {2004}}

@article{PEDRONI1995,
	Author = {Eros Pedroni and Reinhard Bacher and Hans Blattmann and Terence B{\"o}hringer and Adolf Coray and Antony Lomax and Shixiong Lin and Gudrun Munkel and Stefan Scheib and Uwe Schneider and Alexander Tourovsky},
	Journal = {Medical Physics},
	Number = {1},
	Pages = {37--53},
	Title = {The 200-{MeV} proton therapy project at the Paul Scherrer Institute: Conceptual design and practical realization},
	Volume = {22},
	Year = {1995}}

@article{PETTI1994,
	Author = {P. L. Petti and A. J. Lennox},
	Journal = {Annual Review of Nuclear and Particle Science},
	Number = {1},
	Pages = {155--197},
	Title = {Hadronic Radiotherapy},
	Volume = {44},
	Year = {1994}}

@article{PFOTENHAUER2008,
	Author = {S. M. Pfotenhauer and O. J{\"a}ckel and A. Sachtleben and J. Polz and W. Ziegler and H. P. Schlenvoigt and K. U. Amthor and M. C. Kaluza and K. W. D. Ledingham and R. Sauerbrey and P. Gibbon and A. P. L. Robinson and H. Schwoerer},
	Journal = {New Journal of Physics},
	Number = {3},
	Pages = {033034},
	Title = {Spectral shaping of laser generated proton beams},
	Volume = {10},
	Year = {2008}}

@article{PHILLIPS1992,
	Author = {M. H. Phillips and E. Pedroni and H. Blattmann and T. Boehringer and A. Coray and S. Scheib},
	Journal = {Phys. Med. Biol.},
	Number = {1},
	Pages = {223--233},
	Title = {Effects of respiratory motion on dose uniformity with a charged particle scanning method},
	Volume = {37},
	Year = {1992}}

@article{PSHENICHNOV2005,
	Author = {Igor Pshenichnov and Igor Mishustin and Walter Greiner},
	Journal = {Phys. Med. Biol.},
	Number = {23},
	Pages = {5493--5507},
	Title = {Neutrons from fragmentation of light nuclei in tissue-like media: a study with the GEANT4 toolkit},
	Volume = {50},
	Year = {2005}}

@article{PSHENICHNOV2007,
	Author = {Igor Pshenichnov and Alexei Larionov and Igor Mishustin and Walter Greiner},
	Journal = {Phys. Med. Biol.},
	Number = {24},
	Pages = {7295--7312},
	Title = {PET monitoring of cancer therapy with 3He and 12C beams: a study with the GEANT4 toolkit},
	Volume = {52},
	Year = {2007}}

@misc{PTCOG2009,
	Author = {PTCOG},
	Howpublished = {Electronic Citation},
	Title = {http://ptcog.web.psi.ch/},
	Year = {2009}}

@article{RAMM2000,
	Author = {U. Ramm and U. Weber and M. Bock and M. Kr{\"a}mer and A. Bankamp and M. Damrau and C. Thilmann and H. D. Bottcher and L. R. Schad and G. Kraft},
	Journal = {Phys. Med. Biol.},
	Number = {9},
	Pages = {N95--N102},
	Title = {Three-dimensional BANGTM gel dosimetry in conformal carbon ion radiotherapy},
	Volume = {45},
	Year = {2000}}

@article{OLSHER2000,
	Author = {Richard H.Olsher and Hsiao-Hua Hsu and Anthony Beverding and Jeffrey H.Kleck and William H.Casson and Dennis G.Vasilik and Robert T.Devine},
	Journal = {Health Physics},
	Number = {2},
	Pages = {170--181},
	Title = {WENDI: An improved neutron rem meter},
	Volume = {79},
	Year = {2000}}

@article{RIETZEL2000,
	Author = {E. Rietzel and O. GeiSZ and D. Schardt and T. Haberer and J. Debus},
	Journal = {GSI Scientific Report 1999},
	Pages = {166},
	Title = {CT-range correlation for heavy ion treatment planning},
	Year = {2000}}

@article{RIETZEL2000A,
	Author = {E. Rietzel and O. GeiSZ and D. Schardt and B. Voss and M. Kr{\"a}mer and T. Haberer},
	Journal = {Proceedings of the 7th Workshop on Heavy Charged Particles in Biology and Medicine; Darmstadt},
	Title = {Correlation between CT number and water-equivalent thickness for heavy charged particles},
	Year = {2000}}

@article{RIETZEL2000B,
	Author = {E. Rietzel and O. Gei{\ss} and D. Schardt and B. Voss and M. Kr{\"a}mer and G. Kraft},
	Journal = {The Use of Computers in Radiation Therapy 2000; Heidelberg},
	Pages = {362--364},
	Title = {Correlation between CT number and water-equivalent thickness for heavy charged particles},
	Year = {2000}}

@article{RIETZEL2005,
	Author = {E. Rietzel and G. T. Y. Chen and N. C. Choi and C. G. Willet},
	Journal = {Int. J. Radiat. Oncol., Biol., Phys.},
	Number = {5},
	Pages = {1535--1550},
	Title = {Four-dimensional image-based treatment planning: Target volume segmentation and dose calculation in the presence of respiratory motion},
	Volume = {61},
	Year = {2005}}

@article{RIETZEL2007,
	Author = {Eike Rietzel and Dieter Schardt and Thomas Haberer},
	Journal = {Radiat. Oncol.},
	Number = {1},
	Pages = {14},
	Title = {Range accuracy in carbon ion treatment planning based on CT-calibration with real tissue samples},
	Volume = {2},
	Year = {2007}}

@incollection{RODRIGUEZ2001,
	Author = {J. Rodriguez and D. Schardt and C. Brusasco and B. Voss and U. Weber},
	Booktitle = {GSI-Report 2001-1 (GSI Scientific Report 2000)},
	Pages = {158},
	Title = {W-value measurements for carbon ions},
	Type = {Book Chapter},
	Year = {2001}}

@book{ROSSI1952,
	Author = {B. Rossi},
	Publisher = {Prentice-Hall, Inc., Englewood Cliffs, N.J.},
	Series = {Prentice-Hall Physics Series},
	Title = {High-Energy Particles},
	Year = {1952}}

@book{RYCKEWAERT1991,
	Author = {G. Ryckewaert and M Loiselet and N. Postiau and M. Bouvy and G. Berger and Th. Daras and E. Kaerts},
	Title = {in: Cancer treatment with light ions in Europe, EULIMA Final Report, Part 1: Feasibility Study, p.76},
	Year = {1991}}

@article{SAFAI2004,
	Author = {Sairos Safai and Shixiong Lin and Eros Pedroni},
	Journal = {Phys. Med. Biol.},
	Number = {19},
	Pages = {4637--4655},
	Title = {Development of an inorganic scintillating mixture for proton beam verification dosimetry},
	Volume = {49},
	Year = {2004}}

@article{SAFAI2004A,
	Author = {Sairos Safai and Shixiong Lin and Eros Pedroni},
	Journal = {Phys. Med. Biol.},
	Number = {19},
	Pages = {4637--4655},
	Title = {Development of an inorganic scintillating mixture for proton beam verification dosimetry},
	Volume = {49},
	Year = {2004}}

@article{SASSOWSKY2005,
	Author = {M. Sassowsky and E. Pedroni},
	Journal = {Phys. Med. Biol.},
	Number = {22},
	Pages = {5381--5400},
	Title = {On the feasibility of water calorimetry with scanned proton radiation},
	Volume = {50},
	Year = {2005}}

@article{SAULI1997,
	Author = {F. Sauli},
	Journal = {Nucl. Instrum. Meth. A},
	Number = {2-3},
	Pages = {531--534},
	Title = {GEM: A new concept for electron amplification in gas detectors},
	Volume = {386},
	Year = {1997}}

@article{SCHAFFNER1998,
	Author = {B. Schaffner and E. Pedroni},
	Journal = {Phys. Med. Biol.},
	Number = {6},
	Pages = {1579--1592},
	Title = {The precision of proton range calculations in proton radiotherapy treatment planning: experimental verification of the relation between CT-HU and proton stopping power},
	Volume = {43},
	Year = {1998}}

@article{SCHAFFNER1998A,
	Author = {B. Schaffner and E. Pedroni},
	Journal = {Phys Med Biol},
	Pages = {1579--1592},
	Title = {The precision of proton range calculations in proton radiotherapy treatment planning: experimental verification of the relation between CT-HU and proton stopping power},
	Volume = {43},
	Year = {1998}}

@article{SCHALL1996,
	Author = {I. Schall and D. Schardt and H. Geissel and H. Irnich and E. Kankeleit and G. Kraft and A. Magel and M. F. Mohar and G. M{\"u}nzenberg and F. Nickel and C. Scheidenberger and W. Schwab},
	Journal = {Nucl. Instrum. Meth. B},
	Number = {3},
	Pages = {221--234},
	Title = {Charge-changing nuclear reactions of relativistic light-ion beams (5 <= Z <= 10) passing through thick absorbers},
	Volume = {117},
	Year = {1996}}

@article{SCHARDT1996,
	Author = {D. Schardt and I. Schall and H. Geissel and H. Irnich and G. Kraft and A. Magel and M. F. Mohar and G. M{\"u}nzenberg and F. Nickel and C. Scheidenberger and W. Schwab and L. Sihver},
	Journal = {Advances in Space Research},
	Number = {2},
	Pages = {87--94},
	Title = {Nuclear fragmentation of high-energy heavy-ion beams in water},
	Volume = {17},
	Year = {1996}}

@article{SCHARDT2007,
	Author = {D. Schardt},
	Journal = {Nuclear Physics A},
	Number = {1-4},
	Pages = {633--641},
	Title = {Tumor therapy with high-energy carbon ion beams},
	Volume = {787},
	Year = {2007}}

@incollection{SCHARDT2008,
	Author = {D. Schardt and P. Steidl and M. Kr{\"a}mer and U. Weber and K. Parodi and S. Brons},
	Booktitle = {GSI-Report 2008-1 (GSI Scientific Report 2007)},
	Pages = {373},
	Title = {Precision Bragg-curve measurements for light-ion beams in water},
	Type = {Book Chapter},
	Year = {2008}}

@article{SCHIMMERLING1989,
	Author = {W. Schimmerling and J. Miller and M. Wong and M. Rapkin and J. Howard and H. G. Spieler and B. V. Jarret},
	Journal = {Radiat. Res.},
	Number = {1},
	Pages = {36},
	Title = {The Fragmentation of 670 A{MeV} Neon-20 as a Function of Depth in Water},
	Volume = {120},
	Year = {2008}}

@article{SCHIMMERLING1983,
	Author = {Walter Schimmerling and T. S. Subramanian and W. J. McDonald and Selig N. Kaplan and Ahren Sadoff and George Gabor},
	Journal = {Nucl. Instrum. Meth.},
	Number = {3},
	Pages = {531--543},
	Title = {Beam analysis spectrometer for relativistic heavy ions},
	Volume = {205},
	Year = {1983}}

@article{SCHIPPERS2002,
	Author = {J. M. Schippers and S. N. Boon and P. van Luijk},
	Journal = {Nucl. Instrum. Meth. A},
	Number = {1-3},
	Pages = {480--485},
	Title = {Applications in radiation therapy of a scintillating screen viewed by a CCD camera},
	Volume = {477},
	Year = {2002}}

@article{SCHIPPERS2007,
	Author = {J. M. Schippers and R. D{\"o}lling and J. Duppich and G. Goitein and M. Jermann and A. Mezger and E. Pedroni and H. W. Reist and V. Vrankovic},
	Journal = {Nucl. Instrum. Meth. B},
	Number = {1-2},
	Pages = {773--776},
	Title = {The SC cyclotron and beam lines of {PSI}'s new protontherapy facility PROSCAN},
	Volume = {261},
	Year = {2007}}

@article{SCHLEGEL1992,
	Author = {Schlegel.W. and Pastyr.O. and T. Bortfeld and G. Becker and L. Schad and G. Gademann and W. Lorenz},
	Journal = {International Journal of Radiation Oncology*Biology*Physics},
	Pages = {781--787},
	Title = {Computer systems and mechanical tools for stereotactically guided conformation therapy with linear accelerators},
	Volume = {24},
	Year = {1992}}

@article{SCHMIDT2008,
	Author = {A. Schmidt and C. Bert and N. Saito and G. Iancu and C. von Neubeck and N. Chaudhri and D. Schardt and E. Rietzel},
	Journal = {International Journal of Radiation Oncology*Biology*Physics},
	Number = {1, Supplement 1},
	Pages = {S27--S27},
	Title = {Experimental Validation of a Beam Tracking System for the Treatment of Moving Targets with Scanned Ion Beams},
	Volume = {72},
	Year = {2008}}

@article{SCHNEIDER1995,
	Author = {U. Schneider and E. Pedroni},
	Journal = {Med Phys},
	Pages = {353--363},
	Title = {Proton radiography as a tool for quality control in proton therapy},
	Volume = {22},
	Year = {1995}}

@article{SCHNEIDER1996A,
	Author = {U. Schneider and E. Pedroni and A. Lomax},
	Journal = {Phys Med Biol},
	Pages = {111--124},
	Title = {The calibration of CT Hounsfield units for radiotherapy treatment planning},
	Volume = {41},
	Year = {1996}}

@article{SCHNEIDER2005,
	Author = {U. Schneider and P. Pemler and J. Besserer and E. Pedroni and A. Lomax and B. Kaser-Hotz},
	Journal = {Med Phys},
	Pages = {195--199},
	Title = {Patient specific optimization of the relation between CT-Hounsfield units and proton stopping power with proton radiography},
	Volume = {32},
	Year = {2005}}

@article{SCHNEIDER1996,
	Author = {Uwe Schneider and Eros Pedroni and Antony Lomax},
	Journal = {Phys. Med. Biol.},
	Number = {1},
	Pages = {111--124},
	Title = {The calibration of CT Hounsfield units for radiotherapy treatment planning},
	Volume = {41},
	Year = {1996}}

@article{SCHNEIDER2002,
	Author = {Uwe Schneider and Stefano Agosteo and Eros Pedroni and J³rgen Besserer},
	Journal = {International Journal of Radiation Oncology*Biology*Physics},
	Number = {1},
	Pages = {244--251},
	Title = {Secondary neutron dose during proton therapy using spot scanning},
	Volume = {53},
	Year = {2002}}

@book{SEGRE1953,
	Author = {E. Segr{\`e}},
	Publisher = {Wiley and Sons New York},
	Title = {Experimental Nuclear Physics},
	Year = {1953}}

@article{SERAVALLI2008,
	Author = {E. Seravalli and M. d. Boer and F. Geurink and J. Huizenga and R. Kreuger and J. M. Schippers and C. W. E. Eijk and B. Voss},
	Journal = {Phys. Med. Biol.},
	Number = {17},
	Pages = {4651--4665},
	Title = {A scintillating gas detector for 2D dose measurements in clinical carbon beams},
	Volume = {53},
	Year = {2008}}

@article{SERBER1947,
	Author = {R. Serber},
	Journal = {Phys. Rev.},
	Number = {11},
	Pages = {1114},
	Title = {Nuclear Reactions at High Energies},
	Volume = {72},
	Year = {1947}}

@article{SHAPIHO1970,
	Author = {M. M. Shapiho and R. Silberberg},
	Journal = {Annual Review of Nuclear Science},
	Number = {1},
	Pages = {323--392},
	Title = {Heavy Cosmic Ray Nuclei},
	Volume = {20},
	Year = {1970}}

@article{SHAVERS1990,
	Author = {M. R. Shavers and S. B. Curtis and J. Miller and W. Schimmerling},
	Journal = {Radiation Research},
	Number = {2},
	Pages = {117--130},
	Title = {The Fragmentation of 670 A{MeV} Neon-20 as a Function of Depth in Water, II. One-generation transport theory},
	Volume = {124},
	Year = {1990}}

@article{SHAVERS1993,
	Author = {M. R. Shavers and K. Frankel and J. Miller and W. Schimmerling and L. W. Townsend},
	Journal = {Radiation Research},
	Number = {1},
	Pages = {1--14},
	Title = {The Fragmentation of 670 A{MeV} Neon-20 as a Function of Depth in Water, III. Analytical multigeneration transport theory},
	Volume = {136},
	Year = {1993}}

@book{SIGMUND2004,
	Author = {P. Sigmund},
	Edition = {204},
	Publisher = {Springer Co., Berlin},
	Series = {Springer Tracts of Modern Physics},
	Title = {Stopping of Heavy Ions},
	Year = {2004}}

@article{SIHVER1993,
	Author = {L. Sihver and C. H. Tsao and R. Silberberg and T. Kanai and A. F. Barghouty},
	Journal = {Phys. Rev. C},
	Number = {3},
	Pages = {1225},
	Title = {Total reaction and partial cross section calculations in proton-nucleus (Zt <= 26) and nucleus-nucleus reactions (Zp and Zt <= 26)},
	Volume = {47},
	Year = {1993}}

@article{SIHVER1998,
	Author = {L. Sihver and D. Schardt and T. Kanai},
	Journal = {Japanese Journal of Medical Physics},
	Number = {1},
	Pages = {1--21},
	Title = {Depth-Dose Distributions of High-Energy Carbon, Oxygen and Neon Beams in Water},
	Volume = {18},
	Year = {1998}}

@article{SLATER1988,
	Author = {J. M. Slater and D. W. Miller and J. O. Archambeau},
	Journal = {International Journal of Radiation Oncology*Biology*Physics},
	Pages = {761},
	Title = {Development of a hospital-based proton beam treatment center},
	Volume = {14},
	Year = {1988}}

@article{TEPPER2004,
	Author = {J. E. Tepper},
	Journal = {Semin. Radiat. Oncol.},
	Number = {1},
	Title = {Seminars in Radiation Oncology},
	Volume = {14},
	Year = {2004}}

@article{TESTA2008,
	Author = {E. Testa and M. Bajard and M. Chevallier and D. Dauvergne and F. L. Foulher and N. Freud and J. M. Letang and J. C. Poizat and C. Ray and M. Testa},
	Journal = {Applied Physics Letters},
	Number = {9},
	Pages = {093506--3},
	Title = {Monitoring the Bragg peak location of 73 {MeV}/u carbon ions by means of prompt gamma-ray measurements},
	Volume = {93},
	Year = {2008}}

@book{TOBIAS1967,
	Author = {C. A. Tobias},
	Publisher = {National Cancer Institute Monograph No.24},
	Title = {Heavy charged particles in cancer therapy, radiobiology and radiotherapy},
	Year = {1967}}

@article{TOBIAS1971,
	Author = {C. A. Tobias and A. Chatterjee and A. R. Smith},
	Journal = {Physics Letters A},
	Number = {2},
	Pages = {119--120},
	Title = {Radioactive fragmentation of {N7+} ion beam observed in a beryllium target},
	Volume = {37},
	Year = {1971}}

@inproceedings{TOMITANI1994,
	Author = {T. Tomitani and K. Yoshikawa and M. Kanazawa and Y. Wada and T. Kanai},
	Booktitle = {Proc. of {NIRS} International Seminar on the Application of of Heavy Ion Accelerator to Radiation Therapy of Cancer in connection with the XXI PTCOG Meeting, Nov. 14-16, 1994, {NIRS}-M-103 / {HIMAC}--008},
	Editor = {T. Kanai \and E. Takada},
	Pages = {125--130},
	Publisher = {National Institute of Radiological Sciences, Chiba-shi, 263 Japan},
	Title = {Preliminary measurements of autoactivation of 12C beams with a commercially available PET},
	Year = {1994}}

@article{TOMITANI1997,
	Author = {T. Tomitani and M. Kanazawa and K. Yoshikawa and T. Kanai and A. Fukumura and Y. Wada and I. Shinoda},
	Journal = {J Jpn Soc Ther Radiol Oncol},
	Number = {Suppl.2},
	Title = {Effect of target fragmentation on the imaging of autoactivation of heavy ions},
	Volume = {9},
	Year = {1997}}

@article{TOMITANI2003,
	Author = {T. Tomitani and J. Pawelke and M. Kanazawa and K. Yoshikawa and K. Yoshida and M. Sato and A. Takami and M. Koga and Y. Futami and A. Kitagawa and E. Urakabe and M. Suda and H. Mizuno and T. Kanai and H. Matsuura and I. Shinoda and S. Takizawa},
	Journal = {Phys. Med. Biol.},
	Number = {7},
	Pages = {875--889},
	Title = {Washout studies of 11C in rabbit thigh muscle implanted by secondary beams of {HIMAC}},
	Volume = {48},
	Year = {2003}}

@article{TORIKOSHI2007,
	Author = {M. Torikoshi and S. Minohara and N. Kanematsu and M. Komori and Kanazawa and M. and K. Noda and N. Myahara and H. Ito and M. Endo and T. Kanai},
	Journal = {Journal of radiation research},
	Number = {Suppl.},
	Pages = {A15--A25},
	Title = {Irradiation System for {HIMAC}},
	Volume = {48},
	Year = {2007}}

@article{TSAI1974,
	Author = {Yung S. Tsai},
	Journal = {Rev. Mod. Phys.},
	Number = {4},
	Pages = {815},
	Title = {Pair production and bremsstrahlung of charged leptons},
	Volume = {46},
	Year = {1974}}

@article{TSAO1993,
	Author = {C. H. Tsao and R. Silberberg and A. F. Barghouty and L. Sihver and T. Kanai},
	Journal = {Phys. Rev. C},
	Number = {3},
	Pages = {1257},
	Title = {Scaling algorithm to calculate heavy-ion spallation cross sections},
	Volume = {47},
	Year = {1993}}

@article{TSUJI2005,
	Author = {Hiroshi Tsuji and Takeshi Yanagi and Hitoshi Ishikawa and Tadashi Kamada and Jun e. Mizoe and Tatsuaki Kanai and Shinroku Morita and Hirohiko Tsujii},
	Journal = {International Journal of Radiation Oncology*Biology*Physics},
	Number = {4},
	Pages = {1153--1160},
	Title = {Hypofractionated radiotherapy with carbon ion beams for prostate cancer},
	Volume = {63},
	Year = {2005}}

@article{TSUJII2008,
	Author = {Hirohiko Tsujii and Tadashi Kamada and Masayuki Baba and Hiroshi Tsuji and Hirotoshi Kato and Shingo Kato and Shigeru Yamada and Shigeo Yasuda and Takeshi Yanagi and Hiroyuki Kato and Ryusuke Hara and Naotaka Yamamoto and Junetsu Mizoe},
	Journal = {New J. Phys.},
	Number = {7},
	Pages = {075009},
	Title = {Clinical advantages of carbon-ion radiotherapy},
	Volume = {10},
	Year = {2008}}

@article{TSUNASHIMA2008,
	Author = {Y. Tsunashima and S. Vedam and L. Dong and M. Umezawa and T. Sakae and M. Bues and P. Balter and A. Smith and R. Mohan},
	Journal = {Phys. Med. Biol.},
	Number = {7},
	Pages = {1947--1959},
	Title = {Efficiency of respiratory-gated delivery of synchrotron-based pulsed proton irradiation},
	Volume = {53},
	Year = {2008}}

@article{VAVILOV1957,
	Author = {P. V. Vavilov},
	Journal = {Zh. Eksp. Teor. Fiz.},
	Pages = {320},
	Title = {Ionizational losses of high energy heavy particles},
	Volume = {32},
	Year = {1957}}

@article{VIRET2008,
	Author = {S. Viret and C. Parkes and M. Gersabeck},
	Journal = {Nucl. Instrum. Meth. A},
	Number = {2},
	Pages = {157--163},
	Title = {Alignment procedure of the LHCb vertex detector},
	Volume = {596},
	Year = {2008}}

@misc{WAMBERSIE1992,
	Author = {A. Wambersie and P. Chauvel and G. Gademann and J.-P. G{\'e}rard and R. Sealy},
	Howpublished = {Report},
	Title = {Cancer treatment with light ions in Europe},
	Year = {1992}}

@article{WEBB2001,
	Author = {Steve Webb and Tony Lomax},
	Journal = {Phys. Med. Biol.},
	Number = {12},
	Pages = {L7--L8},
	Title = {There is no IMRT?},
	Volume = {46},
	Year = {2001}}

@phdthesis{WEBER1996,
	Address = {Gesamthochschule Kassel (Germany), Fachbereich Physik},
	Author = {U. Weber},
	Title = {Volumenkonforme Bestrahlung mit Kohlenstoff-Ionen zur Vorbereitung einer Strahlentherapie},
	Type = {Thesis/Dissertation},
	Year = {1996}}

@article{WEBER2000,
	Author = {U. Weber and W. Becher and G. Kraft},
	Journal = {Phys. Med. Biol.},
	Number = {12},
	Pages = {3627--3641},
	Title = {Depth scanning for a conformal ion beam treatment of deep seated tumours},
	Volume = {45},
	Year = {2000}}

@article{WEBER1999,
	Author = {Uli Weber and Gerhard Kraft},
	Journal = {Phys. Med. Biol.},
	Number = {11},
	Pages = {2765--2775},
	Title = {Design and construction of a ripple filter for a smoothed depth dose distribution in conformal particle therapy},
	Volume = {44},
	Year = {1999}}

@article{WILSON1990,
	Author = {J. W. Wilson and L. W. Townsend and S. L. Lamkin and B. D. Ganapol},
	Journal = {Radiation Research},
	Pages = {223--228},
	Title = {A Closed-Form Solution to HZE-Propagation},
	Volume = {122},
	Year = {1990}}

@article{WILSON1987,
	Author = {J. W. Wilson and L. W. Townsend and F. F. and Badavi},
	Journal = {Radiation Research},
	Number = {2},
	Pages = {173--183},
	Title = {Galactic HZE Propagation through the Earth's Atmosphere},
	Volume = {109},
	Year = {1987}}

@article{WILSON1984,
	Author = {John W. Wilson and L. W. Townsend and H. B. Bidasaria and Walter Schimmerling and Mervyn Wong and Jerry Howard},
	Journal = {Health Physics},
	Number = {5},
	Pages = {1101--1111},
	Title = {Neon-20 Depth-dose Relations in Water},
	Volume = {46},
	Year = {1984}}

@article{WILSON1946,
	Author = {R. R. Wilson},
	Journal = {Radiology},
	Pages = {487--491},
	Title = {Radiological use of fast protons},
	Volume = {47},
	Year = {1946}}

@article{XU2008,
	Author = {X. G. Xu and Bryan Bednarz and Harald Paganetti},
	Journal = {Phys. Med. Biol.},
	Number = {13},
	Pages = {R193--R241},
	Title = {A review of dosimetry studies on external-beam radiation treatment with respect to second cancer induction},
	Volume = {53},
	Year = {2008}}

@article{YAN2002,
	Author = {X. Yan and U. Titt and A. M. Koehler and W. D. Newhauser},
	Journal = {Nucl. Instrum. Meth. A},
	Number = {1-2},
	Pages = {429--434},
	Title = {Measurement of neutron dose equivalent to proton therapy patients outside of the proton radiation field},
	Volume = {476},
	Year = {2002}}

@book{ZIEGLER2008,
	Author = {J. F. Ziegler and J. P. Biersack and M. D. Ziegler},
	Publisher = {SRIM Co., Chester, Maryland, 21619 USA},
	Title = {SRIM - The Stopping and Range of Ions in Matter},
	Year = {2008}}

@article{ZYGMANSKI2000,
	Author = {P. Zygmanski and K. P. Gall and M. S. Z. Rabin and S. J. Rosenthal},
	Journal = {Phys Med Biol},
	Pages = {511--528},
	Title = {The measurement of proton stopping power using proton-cone-beam computed tomography},
	Volume = {45},
	Year = {2000}}
